<record><leader>00000cas a22000007a 4500</leader><controlfield tag="001">19104945</controlfield><controlfield tag="008">890206d18621865ohuwr ne      0    0eng d</controlfield><datafield ind1=" " ind2=" " tag="010"><subfield code="a">sn 89075021 </subfield></datafield><datafield ind1=" " ind2=" " tag="040"><subfield code="a">ONP</subfield><subfield code="b">eng</subfield><subfield code="c">ONP</subfield><subfield code="d">OCLCQ</subfield></datafield><datafield ind1=" " ind2=" " tag="042"><subfield code="a">msc</subfield></datafield><datafield ind1="0" ind2=" " tag="130"><subfield code="a">Democratic union (Upper Sandusky, Ohio : 1862)</subfield></datafield><datafield ind1="1" ind2="0" tag="245"><subfield code="a">Democratic union.</subfield></datafield><datafield ind1=" " ind2=" " tag="260"><subfield code="a">Upper Sandusky, Ohio :</subfield><subfield code="b">R.D. Dumm,</subfield><subfield code="c">1862-</subfield></datafield><datafield ind1=" " ind2=" " tag="310"><subfield code="a">Weekly</subfield></datafield><datafield ind1="0" ind2=" " tag="362"><subfield code="a">Vol. 6, no. 11 (Nov. 6, 1862)-v.9, no. 19 (Dec. 28, 1865).</subfield></datafield><datafield ind1=" " ind2=" " tag="752"><subfield code="a">United States</subfield><subfield code="b">Ohio</subfield><subfield code="c">Wyandot</subfield><subfield code="d">Upper Sandusky.</subfield></datafield><datafield ind1="0" ind2="0" tag="780"><subfield code="t">Wyandot Democratic union (Upper Sandusky, Ohio : 1861)</subfield><subfield code="w">(DLC)sn 89075020</subfield></datafield><datafield ind1="0" ind2="0" tag="785"><subfield code="t">Wyandot Democratic union (Upper Sandusky, Ohio : 1866)</subfield><subfield code="w">(DLC)sn 86079061</subfield></datafield></record>